@Book{Lingiardi,
author = {Rossi, Mario and Bianchi, Luigi and Verdi, Gianni},
title = {La personalit√† e i suoi disturbi},
publisher = {Il Saggiatore, Milano},
year = {2004},
}



