@book{nystrom2014,
  author = {Robert Nystrom},
  title = {Game Programming Patterns},
  year = {2014},
  publisher = {Genever Benning},
  address = {San Francisco, CA},
}

@book{gangof4,
  author = {Erich Gamma and Richard Helm and Ralph Johnson and John Vlissides},
  title = {Design Patterns: Elements of Reusable Object-Oriented Software},
  year = {1994},
  publisher = {Addison-Wesley Professional},
  address = {Reading, MA},
  isbn = {0-201-63361-2},
}